<?xml version="1.0" encoding="UTF-8"?><collection><record><leader>02671ntm a2200361 a 4500</leader><controlfield tag="001">002641743</controlfield><controlfield tag="003">MiAaHDL</controlfield><controlfield tag="005">20190719000000.0</controlfield><controlfield tag="006">m        d        </controlfield><controlfield tag="007">cr bn ---auaua</controlfield><controlfield tag="008">930712s1435    xx            00||  ara d</controlfield><datafield tag="035" ind1=" " ind2=" "><subfield code="a">(MiU)002641743</subfield></datafield><datafield tag="035" ind1=" " ind2=" "><subfield code="a">sdr-miu002641743</subfield></datafield><datafield tag="035" ind1=" " ind2=" "><subfield code="a">(OCoLC)34366832</subfield></datafield><datafield tag="035" ind1=" " ind2=" "><subfield code="a">(RLIN)MIUH93-A213</subfield></datafield><datafield tag="040" ind1=" " ind2=" "><subfield code="a">MiU</subfield><subfield code="c">MiU</subfield><subfield code="e">appm</subfield></datafield><datafield tag="100" ind1="1" ind2=" "><subfield code="6">880-01</subfield><subfield code="a">Hüsrev, Molla,</subfield><subfield code="d">d. 1480.</subfield></datafield><datafield tag="245" ind1="1" ind2="0"><subfield code="6">880-02</subfield><subfield code="a">Kitāb mirqāt al-wuṣūl ilá ʻilm al-uṣūl :</subfield><subfield code="k">manuscript,</subfield><subfield code="f">[1435?] /</subfield><subfield code="c">bi-khaṭṭ al-muṣannif ṣannafahu al-marḥūm al-saʻīd al-shahīd muḥyī al-mullah wa-al-dīn mawlānā Khusraw.</subfield></datafield><datafield tag="300" ind1=" " ind2=" "><subfield code="a">1</subfield><subfield code="f">v. ([32] p.) ;</subfield><subfield code="c">22 cm.</subfield></datafield><datafield tag="500" ind1=" " ind2=" "><subfield code="a">Illuminated colophon; text rubricated in gold and enclosed in gold borders; copy defective (missing first p. of text).</subfield></datafield><datafield tag="500" ind1=" " ind2=" "><subfield code="a">and Printed Books, British Library. May 14 1980." Title p. states that this item is in author's own hand.</subfield></datafield><datafield tag="500" ind1=" " ind2=" "><subfield code="a">Dates of composition and copying in colophon: qad intahá ... ʻalá yad muʾallif hādhā al-kitāb ... Muḥammad ibn Farāmūz ibn ʻAlī ... fī ākhir Shaʻbān sanat khams wa-sabʻīn wa-thamānīmiʾah wa-qad kāna al-farāgh ʻan jamʻihi wa-taʾlīfihi wa-tartībihi wa-taṣnīfihi fī awāhir Ṣafar sanat tisaʻ wa-thalāthīn wa-thamānīmiʾah [i.e. September 1435]. Researcher's note on catalog card in repository: "Possibly later than stated in colophon. Muhammad Isa Waley, Dept. of Oriental Manuscripts</subfield></datafield><datafield tag="510" ind1="4" ind2=" "><subfield code="a">GAL,</subfield><subfield code="c">v. II, p. 293</subfield></datafield><datafield tag="520" ind1=" " ind2=" "><subfield code="a">On uṣūl al-fiqh, the 4 foundations of Islamic jurisprudence (Koran, sunnah or prophetic tradition, qiyās or analogy, and ijmāʻ or consensus).</subfield></datafield><datafield tag="538" ind1=" " ind2=" "><subfield code="a">Mode of access: Internet.</subfield></datafield><datafield tag="541" ind1=" " ind2=" "><subfield code="d">1924</subfield><subfield code="3">Manuscript</subfield><subfield code="a">Anonymous</subfield><subfield code="c">Purchase, 1924</subfield><subfield code="h">$50.00</subfield></datafield><datafield tag="545" ind1=" " ind2=" "><subfield code="a">Ottoman jurist of Turkmen descent, cadi of Istanbul.</subfield></datafield><datafield tag="561" ind1=" " ind2=" "><subfield code="a">Purchased in Cairo, 1924. On p. [2], owner's seal and autograph with date: min kutub al-faqīr Muḥammad Rashīdī ...[?]... sanat 1235 [i.e. 1819 or 20]. Once part of the personal manuscript collection of Sultan Abdülhamid II of Turkey.</subfield></datafield><datafield tag="650" ind1=" " ind2="0"><subfield code="a">Islamic law</subfield><subfield code="x">Interpretation and construction</subfield><subfield code="y">Early works to 1800.</subfield></datafield><datafield tag="650" ind1=" " ind2="0"><subfield code="a">Manuscripts, Arabic</subfield><subfield code="z">Michigan</subfield><subfield code="z">Ann Arbor.</subfield></datafield><datafield tag="700" ind1="0" ind2=" "><subfield code="a">Abdülhamid</subfield><subfield code="b">II,</subfield><subfield code="c">Sultan of the Turks,</subfield><subfield code="d">1842-1918,</subfield><subfield code="e">former owner.</subfield></datafield><datafield tag="773" ind1="0" ind2=" "><subfield code="a">Abdul Hamid Collection.</subfield><subfield code="7">unbc</subfield><subfield code="w">(CStRLIN)MIUH93-A187.</subfield></datafield><datafield tag="880" ind1="1" ind2="0"><subfield code="6">245-02/</subfield><subfield code="a">كتاب مرقات الوصول على علم الأصول :</subfield><subfield code="k">manuscript،</subfield><subfield code="f">[1435?] /</subfield><subfield code="c">بخط المصنف صنفه المرحوم السعيد الشهيد محي المله والدين مولانا خسرو.</subfield></datafield><datafield tag="880" ind1="0" ind2=" "><subfield code="6">100-01/</subfield><subfield code="a">ملا خسرو.</subfield></datafield><datafield tag="CID" ind1=" " ind2=" "><subfield code="a">002641743</subfield></datafield><datafield tag="DAT" ind1="0" ind2=" "><subfield code="a">20190719102633.0</subfield><subfield code="b">20190719000000.0</subfield></datafield><datafield tag="DAT" ind1="1" ind2=" "><subfield code="a">20190719090653.0</subfield><subfield code="b">2019-07-19T16:10:47Z</subfield></datafield><datafield tag="DAT" ind1="2" ind2=" "><subfield code="a">2015-10-02T18:00:03Z</subfield></datafield><datafield tag="CAT" ind1=" " ind2=" "><subfield code="a">SDR-MIU</subfield><subfield code="d">EX LIBRIS - ALEPH</subfield><subfield code="l">prepare.pl-004-008</subfield></datafield><datafield tag="FMT" ind1=" " ind2=" "><subfield code="a">BK</subfield></datafield><datafield tag="HOL" ind1=" " ind2=" "><subfield code="0">sdr-miu002641743</subfield><subfield code="a">MiU</subfield><subfield code="b">SDR</subfield><subfield code="c">MIU</subfield><subfield code="p">mdp.39015081446216</subfield><subfield code="s">MIU</subfield><subfield code="1">002641743</subfield></datafield><datafield tag="974" ind1=" " ind2=" "><subfield code="b">MIU</subfield><subfield code="c">MIU</subfield><subfield code="d">20190719</subfield><subfield code="s">lit-dlps-dc</subfield><subfield code="u">mdp.39015081446216</subfield><subfield code="y">1435</subfield><subfield code="r">pd</subfield><subfield code="q">bib</subfield><subfield code="t">non-US bib date1 &lt; 1879</subfield></datafield></record></collection>